<record xmlns="http://www.loc.gov/MARC21/slim" xmlns:xsi="http://www.w3.org/2001/XMLSchema-instance" xsi:schemaLocation="http://www.loc.gov/MARC21/slim http://www.loc.gov/standards/marcxml/schema/MARC21slim.xsd"><leader>00613nz   2200133n  4500</leader><controlfield tag="001">oca05342468 </controlfield><controlfield tag="005">20001025111704.0</controlfield><controlfield tag="008">001025n| acannaabn          |a aaa      </controlfield><datafield ind1=" " ind2=" " tag="010"><subfield code="a">n  00087919 </subfield></datafield><datafield ind1=" " ind2=" " tag="040"><subfield code="a">DLC</subfield><subfield code="b">eng</subfield><subfield code="c">DLC</subfield></datafield><datafield ind1="0" ind2=" " tag="100"><subfield code="a">Critias,</subfield><subfield code="d">ca. 460-ca. 403 B.C.</subfield></datafield><datafield ind1="0" ind2=" " tag="400"><subfield code="a">Crizia,</subfield><subfield code="d">ca. 460-ca. 403 B.C.</subfield></datafield><datafield ind1=" " ind2=" " tag="670"><subfield code="a">Bultrighini, Umberto. Maledetta democrazia, c1999:</subfield><subfield code="b">t.p. (Crizia)p. 8-9 (d. Piero, at the end of 404 or the beginning of 403, B.C.; born around 460, B.C., of an aristocratic family; his cousin was the mother of Plato)</subfield></datafield><datafield ind1=" " ind2=" " tag="670"><subfield code="a">LC data base, 10-25-00</subfield><subfield code="b">(hdg.: Critias, ca. 460-ca. 403 B.C.; usage: Critias)</subfield></datafield></record>